@misc{wiki2017gp,
  author = "Wikipedia",
  title = "Goal programming --- Wikipedia{,} The Free Encyclopedia",
  year = "2017",
  url = "https://en.wikipedia.org/w/index.php?title=Goal_programming",
  note = "[Online; accessed May-2017]"
}


@phdthesis{Sherikov2016phd,
  author = {Alexander Sherikov},
  school = {Communaut\'e Universit\'e Grenoble Alpes},
  title = {Balance preservation and task prioritization in whole body motion control of humanoid robots},
  year = {2016},
}


@unpublished{Dimitrov2015preprint,
  title = {{Efficient resolution of potentially conflicting linear constraints in robotics}},
  author = {Dimitrov, Dimitar and Sherikov, Alexander and Wieber, Pierre-Brice},
  url = {https://hal.inria.fr/hal-01183003},
  note = {Submitted to IEEE TRO (05/August/2015)},
  year = {2015},
  pdf = {https://hal.inria.fr/hal-01183003/file/drdv_tro.pdf},
  hal_id = {hal-01183003},
  hal_version = {v1},
}


@article{Escande2014ijrr,
    author = {Escande, Adrien and Mansard, Nicolas and Wieber, Pierre-Brice},
    title = {Hierarchical quadratic programming: Fast online humanoid-robot motion generation},
    year = {2014},
    doi = {10.1177/0278364914521306},
    journal = {The International Journal of Robotics Research}
}


@ARTICLE{Saab2012tranrob,
    author={Saab, L. and Ramos, O.E. and Keith, F. and Mansard, N. and Soueres, P. and Fourquet, J.},
    journal={Robotics, IEEE Transactions on},
    title={Dynamic Whole-Body Motion Generation Under Rigid Contacts and Other Unilateral Constraints},
    year={2013},
    volume={29},
    number={2},
    pages={346-362},
    keywords={humanoid robots;motion control;robot dynamics;robot kinematics;sensors;control variables;dynamic whole-body motion generation;humanoid robot;inverse kinematics;low computation cost;multicontact dynamic motions;multiple rigid planar contact;quasi-static balance;real HRP-2 robot;rigid contacts;robot constraints;robot movements;robot multibody;sensor feedback;state equality;state inequality;task-function approach;unilateral constraints;Acceleration;Aerospace electronics;Dynamics;Joints;Kinematics;Robot kinematics;Contact modeling;dynamics;force control;humanoid robotics;redundant robots},
    doi={10.1109/TRO.2012.2234351},
    ISSN={1552-3098},
}


@article{Tracy1972sn,
    author = {Tracy, Derrick S. and Singh, Rana P.},
    title = {A new matrix product and its applications in partitioned matrix differentiation},
    journal = {Statistica Neerlandica},
    volume = {26},
    number = {4},
    publisher = {Blackwell Publishing Ltd},
    issn = {1467-9574},
    url = {http://dx.doi.org/10.1111/j.1467-9574.1972.tb00199.x},
    doi = {10.1111/j.1467-9574.1972.tb00199.x},
    pages = {143--157},
    year = {1972},
}


@article{Hyland1989jmaa,
    author = {David C. Hyland and Emmanuel G. Collins, Jr.},
    title = {Block Kronecker Products and Block Norm Matrices in Large-Scale Systems Analysis},
    journal = {SIAM Journal on Matrix Analysis and Applications},
    volume = {10},
    number = {1},
    pages = {18-29},
    year = {1989},
    doi = {10.1137/0610002},
    URL = { http://dx.doi.org/10.1137/0610002 },
    eprint = { http://dx.doi.org/10.1137/0610002 }
}


@article{Koning1991laa,
    title = "Block Kronecker products and the vecb operator",
    journal = "Linear Algebra and its Applications",
    volume = "149",
    number = "",
    pages = "165 - 184",
    year = "1991",
    note = "",
    issn = "0024-3795",
    doi = "http://dx.doi.org/10.1016/0024-3795(91)90332-Q",
    url = "http://www.sciencedirect.com/science/article/pii/002437959190332Q",
    author = "Ruud H. Koning and Heinz Neudecker and Tom Wansbeek",
}
