@INPROCEEDINGS{Lafaye2014humanoids,
    author={Lafaye, J. and Gouaillier, D. and Wieber, P.-B.},
    booktitle={Humanoid Robots (Humanoids), 2014 14th IEEE-RAS International Conference on},
    title={Linear model predictive control of the locomotion of Pepper, a humanoid robot with omnidirectional wheels},
    year={2014},
    month={Nov},
    pages={336-341},
}
